# Source papers

@article{Turner12outdoor,
	title = "Sharp Geometry Reconstruction of Building Facades Using Range Data",
	author = "Eric Turner and Avideh Zakhor",
	year = 2012,
	journal = "International Conference on Image Processing",
	month = "September"
}

@article{Turner12,
    title = "Watertight As-Built Architectural Floor Plans Generated from Laser Range Data",
    author = "Eric Turner and Avideh Zakhor",
    year = 2012,
    journal = "3DimPVT",
    month = "October"
}

@article{Turner13,
	author = "Eric Turner and Avideh Zakhor",
	title = "Watertight Planar Surface Meshing of Indoor Point-Clouds with Voxel Carving",
	journal = "3DV",
	month = "June",
	year = "2013"
}

@article{Turner14,
	author = "Eric Turner and Avideh Zakhor",
	title = "Floor Plan Generation and Room Labeling of Indoor Environments from Laser Range Data",
	journal = "International Conference on Computer Graphics Theory and Applications",
	number = 9,
	year = 2014,
	month = "January"
}

@article{Turner14Journal,
	author = "Eric Turner and Peter Cheng and Avideh Zakhor",
	title = "Fast, Automated, Scalable Generation of Textured 3D Models of Indoor Environments",
	journal = "Journal of Special Topics in Signal Processing",
	volume = 9,
	number = 3,
	pages = {1--13},
	month = December,
	year = 2014
}

@article{Cheng14,
	author = "Peter Cheng and Michael Anderson and Stewart He and Avideh Zakhor",
	title = "Texture Mapping 3D Planar Models of Indoor Environments with Noisy Camera Poses",
	journal = "SPIE Electronic Imaging Conference, Computational Imaging XII",
	number = 9020,
	year = 2014,
	month = "February"
}

@article{NickJournal,
	author = "Nicholas Corso and Avideh Zakhor",
	title = "Indoor Localization Algorithms for an Ambulatory Human Operated 3D Mobile Mapping System",
	journal = "Remote Sensing",
	volume = 5,
	number = 12,
	pages = "6611--6646",
	month = "October",
	year = 2013
}

@article{Liang13,
	author = "Jason Z. Liang and Nicholas Corso and Eric Turner and Avideh Zakhor",
	title = "Reduced-Complexity Data Acquisition System for Image Based Localization in Indoor Environments",
	journal = "IPIN",
	year = 2013,
	month = "October"
}

@article{Levchev14,
	author = "P. Levchev and M. Krishnan and C. Yu and J. Menke and A. Zakhor",
 	title = "Simultaneous Fingerprinting and Mapping for Multimodal Image and WiFi Indoor Positioning",
	journal = "IPIN",
	year = 2014,
	month = "October"
}

# scanning systems

@article{Backpack,
    author = "George Chen and John Kua and Steven Shum and Nikhil Naikal and Matt Carlberg and Avideh Zakhor",
    title = "Indoor Localization Algorithms for a Human-Operated Backpack System",
    journal = "3D Data Processing, Visualization, and Transmission",
    month = "May",
    year = 2010
}

@article{Localization,
   author = "John Kua and Nicholas Corso and Avideh Zakhor",
   title = "Automatic Loop Closure Detection Using Multiple Cameras for 3D Indoor Localization",
   journal = "IS\&T/SPIE Electronic Imaging",
   year = 2012,
   month = "January",
   pages = "82960V--82960V"
}

@article{Sweep,
   author = "Mike Smith and Ingmar Posner and Paul Newman",
   title = "Adaptive Compression for 3D Laser Data",
   journal = "The International Journal of Robotics Research",
   month = "June",
   year = 2011,
   volume = 30,
   number = 7,
   pages = "914--935"
}

@article{Quadrotor,
   title = "Autonomous Multi-floor Indoor Navigation with a Computationally Constrained MAV",
   author = "S. Shen and N. Michael and Vijay Kumar",
   journal = "IEEE International Conference on Robotics and Automation",
   pages = "20--25",
   year = 2011
}

@article{QuadrotorMIT,
	title = "Estimation, Planning, and Mapping for Autonomous Flight Using an RGB-D Camera in GPS-Denied Environments",
	author = "A. Bachrach and S. Prentice and R. He and P. Hentry and A. Huang and M. Krainin and D. Maturana and D. Fox and N. Roy",
	journal = "Int. J. Robot. Res.",
	year = 2012,
	number = 31,
	pages = {1320--1343}
}

@article{MITBackpack,
   author = "Maurice F. Fallon and Hordur Johannsson and Jonathan Brookshire and Seth Teller and John J. Leonard",
   title = "Sensor Fusion for Flexible Human-Portable Building-Scale Mapping",
   year = 2012,
   journal = "Intelligence Robots and Systems",
   month = "October",
   pages = "4405--4412"
}

@article{RoomSegmentation,
	title = "Automatic Generation of Structural Building Descriptions from 3D Point Cloud Scans",
	author = "Sebastian Ochmann and Richard Vock and Raoul Wessel and Martin Tamke and Reinhard Klein",
	journal = "International Conference on Computer Graphics Theory and Applications",
	number = 9,
	year = 2014,
	month = "January"
}

@article{VillageHeritage,
	title = "Capturing Village-level Heritages with a Hand-held Camera-Laser Fusion Sensor",
	author = "Yunsu Bok and Yekeun Jeong and Dong-Geol Choi",
	journal = "Int J Comput Vis",
	year = 2010,
	month = "October",
	pages = {36--53},
	number = 94
}

# PARTICLE FILTERING, GRID MAPPING

@article{Li97,
	title = "Mobile mapping: An emerging technology for spatial data acquisition",
	author = "R. Li",
	journal = "Photogramm. Eng. Remote Sensing",
	year = 1997,
	volume = 63,
	pages = {1085--1092}
}

@article{Karimi00,
	title = "Evaluation of mobile mapping systems for roadway data collection",
	author = "H. Karimi and A. Khattak and J. Hummer",
	journal = "Journal of Computational Civil Engineering",
	year = 2000,
	volume = 14,
	pages = {168--173}
}

@article{toro05,
    title = "Improving Grid-Based SLAM with Rao-Blackwellized Particle Filters by Adaptive Proposals and Selective Resampling",
    author = "Giorgio Grisetti and Cyrill Stachniss and Wolfram Burgard",
    journal = "Proceedings of IEEE International Conference of Robotics and Automation",
    month = "April", 
    year = "2005",
    pages = "2443--2448"
  }

@article{toro07,
    title = "Improved Techniques for Grid Mapping With Rao-Blackwellized Particle Filters",
    author = "Giorgio Grisetti and Cyrill Stachniss and Wolfram Burgard",
    journal = "IEEE Transactions on Robotics",
    volume = 23,
    number = 1,
    month = "February", 
    year = "2007",
    pages = "34--46"
  }

@article{fastslam03,
    title = "An Efficient FastSLAM Algorithm for Generating Maps of Large-SCale Cyclic Environments from Raw Laser Range Measurements",
    author = "Dirk Hahnel and Wolfram Gurgard and Dieter Fox and Sebastian Thrun",
    journal = "International Conference on Intelligent Robots and Systems",
    month = "October",
    year = 2003,
    volume = 1,
    pages = "206--211"
}

@book{ProbabilisticRobotics,
    author = "Sebastian Thrun and Wolfram Burgard and Dieter Fox",
    title = "Probabilistic Robotics",
    year = 2005,
    publisher = "The MIT Press"
}

# full 3D surface reconstruction

@article{Kintinuous,
	author = "Michael Kaess and Maurice Fallon and Hordur Johannsson and John J. Leonard",
	title = "Kintinuous: Spatially Extended KinectFusion",
	journal = "CSAIL Technical Reports",
	month = "July",
	year = 2012
}

@article{KinectFusion,
author = "R. Newcombe and A. Davison and S. Izadi and P. Kohli and O. Hilliges and J. Shotton and D. Molyneaux and S. Hodges and D. Kim and A. Fitzgibbon",
title = "KinectFusion: REal-time Dense Surface Mapping and Tracking",
journal = "Mixed and Augmented Reality (ISMAR)",
pages = {127--136},
year = 2011
}

@article{HokuyoNoise,
author = "F. Pomerleau and A. Breitenmoser and M. Liu and F. Colas and R. Seigwart",
title = "Noise Characterization of Depth Sensors for Surface Inspections",
journal = "2nd International Conference on Applied Robotics for the Power Industry (CARPI)",
month = "September",
year = 2012
}


@article{Pons10,
    author = "Anne-Laure Chauve and Patrick Labatut and Jean-Philippe Pons",
    title = "Robost Piecewise-Planar 3D Reconstruction and Completion from Large-Scale Unstructured Point Data",
    journal = "CVPR",
    year = 2010
}

@article{Carving,
    author = "Claude Holenstein and Robert Zlot and Michael Bosse",
    title = "Watertight Surface Reconstruction of Caves from 3D Laser Data",
    journal = "IEEE/RSJ International Conference on Intelligent Robots and Systems",
    month = "September",
    year = 2011
}

@article{Shao12,
    author = "Tianjia Shao and Weiwei Xu and Kun Zhou and Jingdong Wang and Dongping Li and Baining Guo",
    title = "An Interactive Approach to Semantic Modeling of Indoor Scenes with an RGBD Camera",
    journal = "ACM Transactions on Graphics",
    number = 6,
    month = "November",
    year = 2012,
    volume = 31,
    pages = {136}
}

@article{Kim12,
    author = "Young Min Kim and Niloy J. Mitra and Dong-Ming Yan and Leonidas Guibas",
    title = "Acquiring 3D Indoor Environments with Variability and Repetition",
    journal = "ACM Transactions on Graphics",
    number = 6,
    month = "November",
    year = 2012,
    volume = 31
}

@article{Cheng13,
    author = "Peter Cheng and M. Anderson and Stewart He and Avideh Zakhor",
    title = "Texture Mapping 3D Planar Models of Indoor Environments with Noisy Camera Poses",
    journal = "SPIE Electronic Imaging Conference",
    month = "February",
    year = 2013
}

# floor plans

@article{Okorn09,
    title = "Toward Automated Modeling of Floor Plans",
    author = "Brian Okorn and Xuehan Xiong and Burcu Akinci and Daniel Huber",
    journal = "3DPVT",
    year = 2009
}

@article{Weiss05,
title = "Automatic Generation of Indoor VR Models by a Mobile Robot iwth a Laser Range Finder and a Color Camera",
author = "C. Weiss and A. Zell",
journal = "Autonome Mobile Systeme 2005",
year = 2006,
pages = {107--113}
}


# floorplan to 3d building

@article{Or05,
    title = "Highly Automatic Approach to Architectural Floorplan Image Understanding and Model Generation",
    author = "Siu-Hang Or and Kin-Hong Wong and Ying-kin Yu and Michael Ming-yuan Chang",
    journal = "Pattern Recognition",
    year = 2005,
    month = "November",
    pages = {25--32}
}

@article{Lewis98,
    title = "Generation of 3D Building Models from 2D Architectural Plans",
    author = "Rick Lewis and Carlo Sequin",
    journal = "Computer-Aided Design",
    volume = 30,
    number = 10,
    pages = "765--779",
    year = 1998
}

@article{Bosche10,
    title = "Automated Recognition of 3D CAD Model Objects in Laser Scans and Calculation of As-Built Dimensions for Dimensional Compliance Control in Construction",
    author = "Frederic Bosche",
    journal = "Advanced Engineering Informatics",
    volume = 24,
    year = 2010,
    pages = "107--118"
}

@article{Xiong13,
    title="Automatic Creation of Semantically Rich 3D Building Models from Laser Scanner Data",
    author = "Xuehan Xiong and Antonio Adan and Burcu Akinci and Daniel Huber",
    journal = "Automation in Construction",
    volume = 31,
    year = 2013,
    pages = "325--337"
}

#2.5D histogram techniques

@article{Museums,
    author = "Jianziong Xiao and Yasutaka Furukawa",
    title = "Reconstructing the World's Museums",
    journal = "EECV 2012 Lectures in Computer Science",
    volume = 7572,
    year = 2012,
    pages = "668--681"
}

@article{WallFinder,
    author = "Antonio Adan and Daniel Huber",
    title = "3D Reconstruction of Interior Wall Surfaces Under Occlusion and Clutter",
    journal = "International Conference on 3D Imaging, Modeling, Processing, Visualization and Transmission",
    year = 2011,
    pages = "275--281"
}

@article{Oesau13,
author = "S. Oesau and F. Lagarge and P. Alliez",
title = "Indoor Scene Reconstruction Using Primitive Driven Space Partitioning and Graph-Cut",
journal = "Eurographics Workshop on Urban Data Modelling and Visualization",
year = 2013
}


# ROOM LABELING and MAP PARTITIONING

@article{SpectralClustering,
    title = "Topological Mapping Using Spectral Clustering and Classification",
    author = "Emma Brunskill and Thomas Kollar and Nicholas Roy",
    pages = "2491--3496",
    month = "October",
    year = 2007,
    journal = "International Conference on Intelligent Robots and Systems"
}

@article{WalkthroughRendering,
    title = "Management of Large Amounts of Data in Interactive Building Walkthroughs",
    author = "Thomas A. Funkhouser and Carlo H. Sequin and Seth J. Teller",
    pages = "11--21",
    year = 1992,
    journal = "Proceedings of the 1992 Symposium on Interactive 3D Graphics"
}

# computational geometry

@article{QEM,
    author = "Michael Garland and Paul S. Heckbert",
    title = "Surface Simplification Using Quadric Error Metrics",
    journal = "SIGGRAPH",
    year = 1997,
    pages = "209--216"
}

# ADA Compliance standards

@manual{ADACompliance,
    title = "Americans with Disabilities Act",
    organization = "U.S. Architectural and Transportation Barriers Compliance Board",
    address = "1331 F Street N.W. Suite 1000 Washington D.C. 20004-1111",
    year = 1990,
    month = "July",
    note = "ANSI A117.1-1980"
}

# calibration

@article{Caruso00,
	author = "Michael J. Caruso",
	title = "Applications of magnetic sensors for low cost compass systems",
	journal = "Position Location and Navigation Symposium",
	year = 2000,
	pages = {177--184},
	month = "March",
} # DOI: 10.1109/PLANS.2000.838300,  ISBN:  0-7803-5872-4

@article{Guo08,
	author = "Pengfei Guo and Haitao Qiu and Yunchun Yang and Zhang Ren",
	journal = "The soft iron and hard iron calibration method using extended kalman filter for attitude and heading reference system",
	journal = "Position Location and Navigation Symposium",
	year = 2008,
	pages = {1167--1174},
	month = "May"
}

@misc{MagDec,
	title = "Magnetic Declination",
	howpublished = {\url{http://www.magnetic-declination.com/}},
	note = {Accessed: March 11, 2015}
}

# energy plus

@article{EnergyPlus,
    author = "Brury B. Crawley and Linda K. Kawrie and Curtis O. Pedersen and Frederick C. Winkelmann",
    title = "EnergyPlus: Energy Simulation Program",
    journal = "ASHRAE",
    month = "April",
    year = 2000,
    volume = 42,
    number = 4,
    pages = "49--56"
}

# Architecture BIM

@article{AutodeskBIM,
title = {Building Information Modeling},
author = {Autodesk, Inc.},
journal = {White Paper},
year = 2003
}


# references from carving

@article{Unionfind,
author = "J. Doyle and R. L Rivest",
title = {Linear Expected Time of a Simple Union-Find Algorithm},
journal = {Information Processing Letters},
volume = 5,
pages = {146--148},
month = {November},
year = 1976
}

@article{MarchingCubes,
author= "William E. Lorensen and Harvey E. Cline",
title = {Marching Cubes: A High Resolution 3D Surface Construction Algorithm},
journal = {Computer Graphics},
volume = 21,
number = 4,
month = {July},
year = 1987,
pages = {163--169}
}

@article{DualContouring,
author = "Tao Ju and Frank Losasso and Scott Schaefer and Joe Warren",
title = {Dual Contouring of Hermite Data},
journal = {SIGGRAPH},
year = 2002
}

@book{PCA,
author = "I. T. Jolliffe",
title = {Principal Components Analysis, Second Edition},
publisher = {Springer},
year = 1986
}

@article{Ransac,
author = "M. A. Fischler and R. C. Bolles",
title = {Random Sample Consensus: A Paradigm for Model Fitting with Applications to Image Analysis and Automated Cartography},
journal = {Communications of the ACM},
volume = 24,
number = 6,
year = 1981,
month = {June},
pages = {381-395}
}

@article{VoxelSurfaceArea,
author = "G. Windreich and N. Kiryati and G. Lohmann",
title = {Voxel-Based Surface Area Estimation: From Theory to Practice},
journal = {Pattern Recognition},
volume = 26,
year = 2003,
pages = {2531--2541}
}

@article{OctreeSculpting,
author = "J. Andreas Baerentzen",
title = {Octree-based Volume Sculpting},
journal = {IEEE Visualization},
year = 1998
}

@article{Yang05,
author = "Yoo-Kil Yang and Jung Lee and Soo-Kyun Kim and Chang-Hun Kim",
title = {Adaptive Space Carving with Texture Mapping},
publisher = {Springer},
journal = {ICCSA},
volume = 3482,
pages = {1129--1138},
year = 2005
}

@article{ProgressiveMesh,
author = "Hugues Hoppe",
title = {Progressive Meshes},
publisher = {Microsoft Research},
journal = {Proceedings of the 23rd Annual Conference on Computer Graphics and Interactive Techniques},
year = 1996,
pages={99--108}
}

@article{AdaptiveMeshing,
author = "Yongjie Zhang and Chandrajit Bajaj",
title = {Adaptive and Quality Quadrilateral/Hexahedral Meshing from Volumetric Data},
journal = {Computer Methods in Applied Mechanics and Engineering},
volume = 195,
year = 2006,
pages = {942--960}
}

@article{Isostuffing,
author = "Francois Labelle and Jonathan Richard Shewchuk",
title = {Isosurface Stuffing: Fast Tetrahedral Meshes with Good Dihedral Angles},
journal = {ACM Transactions on Graphics},
month = {August},
year = 2007,
pages = {57}
}

@article{EigencrustShewchuk,
author = "Ravikrishna Kolluri and Jonathan Richard Shewchuk and James F. O'Brien",
title = {Spectral Surface REconstruction from Noisy Point Clouds},
journal = {Symposium on Goemtry Processing},
year = 2004,
pages = {11--21},
month = {July}
}

@article{Powercrust,
author = "N. Amenta and S. Choi and R. K. Kolluri",
title = {The Power Crust},
journal = {Proceedings of the Sixth Symposium on Solid Modeling},
pages = {249--260},
year = 2001,
publisher = {Association for Computing Machinery}
}

@article{NoisyPowercrust,
author = "B. Mederos and N. Amenta and L. Velho and L. Henrique de Figueiredo",
title = {Surface Reconstruction from Noisy Point Clouds},
journal = {Eurographics Symposium on Geometry Processing},
year = 2005
}

@article{RealTimeEigencrust,
author = "Klaus Denker and Burkhard Lehner and Georg Umlauf",
title = {Real-Time Triangulation of Point Streams},
journal = {Engineering with Computers},
year = 2011,
volume = 27,
pages = {67--80},
publisher = {Springer}
}

@article{StreamingDelaunay,
author = "Martin Isenburg and Yuanxin Liu and Jonathan Shewchuk and Jack Snoeyink",
title = {Streaming Computation of Delaunay Triangulations},
journal = {Proceedings of SIGGRAPH'06},
pages = {1049--1056},
month = {July},
year = 2006
}

@article{BallPivoting,
author = "Fausto Bernardini and Joshua Mittleman and Holly Rushmeier and Claudio Silva and Gabriel Taubin",
title = {The Ball-Pivoting Algorithm for Surface Reconstruction},
journal = {IEEE Transactions on Visualization and Computer Graphics},
volume = 5,
month = {October},
year = 1999,
pages = {349--359}
}

@article{SignedDistanceFields,
author = "B. Curless and M. Levoy",
title = {A Volumetric Method for Building Complex Models from Range Images},
journal = {Proceedings of the 23rd Annual Conference on Computer Graphics and Interactive Techniques},
pages = {303--312},
year = 1996
}

@article{Poisson,
author = "Michael Kazhdan and Matthew Bolitho and Hugues Hoppe",
title = {Poisson Surface Reconstruction},
journal = {Eurographics Symposium on Geometry Processing},
year = 2006
}

@article{OutOfCorePoisson,
author = "Matthew Bolitho and Michael Kazhdan and Randal Burns and Hugues Hoppe",
title = {Multilevel Streaming for Out-of-core Surface Reconstruction},
journal = {SGP},
year = 2007,
pages = {69--78}
}

@article{ParallelPoisson,
author = "Matthew Bolitho and Michael Kazhdan and Randal Burns and Hugues Hoppe",
title = {Parallel Poisson Surface Reconstruction},
journal = {ISVC},
year = 2009,
pages = {678--689},
publisher = {Springer}
}

@article{UnorganizedPoints,
author = "Hugues Hoppe and Tony DeRose and Tom Duchamp and John McDonald and Werner Stuetzle",
title = {Surface Reconstruction from Unorganized Points},
year = 1992,
pages = {71--78},
journal = {Proceedings of SIGGRAPH'92}
}

%% RECENT REFERENCES %%

@article{ParallelOctree,
author = "Kun Zhou and Minmin Gong and Baining Guo",
title = {Data-Parallel Octrees for Surface Reconstruction},
journal = {IEEE Transactions on Visualization and Computer Graphics},
volume = 17,
number = 5,
month = {May},
year = 2011,
pages = {669--681}
}

@article{OldCarving,
author = "Kari Pulli",
title = {Surface Reconstruction and Display from Range and Color Data},
journal = {Graphical Models},
volume = 62,
number = 3,
month = {May},
year = 2000,
pages = {165--201}
}

@article{SearchClassifyPointcloud,
author = "Liangliang Nan and Ke Xie and Andrei Sharf",
title = {A Search-Classify Approach for Cluttered Indoor Scene Understanding},
journal = {ACM Transactions on Graphics - Proceedings of ACM SIGGRAPH Asia},
year = 2012,
month = {November},
volume = 31,
number = 137
}

@article{HistWallRecon,
author = "Antonio Adan and Daniel Huber",
title = {3D Reconstruction of Interior Wall Surfaces under Occlusion and Clutter},
journal = {3DIMPVT},
year = 2011,
month = {May},
pages = {275--281}
}

@article{BasicPlaneFit,
author = "S. A. Abdul Shukor and K. W. Young and E. J. Rushforth",
title = {3D Modeling of Indoor Surfaces with Occlusion and Clutter},
journal = {International Conference on Mechatronics},
month = {April},
year = 2011,
pages = {282--287}
}

@article{Victors,
author = "Victor Sanchez and Avideh Zakhor",
title = {Planar 3D Modeling of Building Interiors from Point Cloud Data},
journal = {ICIP},
month = {September},
year = 2012
}

@article{SpaceTime,
author = "Andrei Sharf and Dan A. Alcantara and Thomas Lewiner and Chen Greif and Alla Sheffer and Nina Amenta and Daniel Cohen-Or",
title = {Space-time Surface Reconstruction Using Incompressible Flow},
journal = {ACM Transactions on Graphics},
volume = 27,
number = 110,
month = {December},
year = 2008,
pages = {110}
}

@article{Nick,
author = "John Kua and Nicholas Corso and Avideh Zakhor",
title = {Automatic Loop Closure Detection Using Multiple Cameras for 3D Indoor Localization},
journal = {SPIE Electronic Imaging},
year = 2012,
month = {January}
}

@article{Cremers,
author = "K. Kolev and M. Klodt and T. Brox and D. Cremers",
title = {Continuous Global Optimization in Multiview 3D Reconstruction},
journal = {ijcv},
year = 2009,
month = {August},
volume = 84,
number = 1,
pages = {80--96}
}


# references from peter's paper

@inproceedings{liu2010indoor,
  title={Indoor localization and visualization using a human-operated backpack system},
  author={Liu, T. and Carlberg, M. and Chen, G. and Chen, J. and Kua, J. and Zakhor, A.},
  booktitle={Indoor Positioning and Indoor Navigation (IPIN), 2010 International Conference on},
  pages={1--10},
  year={2010},
  organization={IEEE}
}

@inproceedings{lowe1999object,
  title={Object recognition from local scale-invariant features},
  author={Lowe, D.G.},
  booktitle={Computer Vision, 1999. The Proceedings of the Seventh IEEE International Conference on},
  volume={2},
  pages={1150--1157},
  year={1999},
  organization={Ieee}
}

@article{mikolajczyk2005performance,
  title={A performance evaluation of local descriptors},
  author={Mikolajczyk, K. and Schmid, C.},
  journal={Pattern Analysis and Machine Intelligence, IEEE Transactions on},
  volume={27},
  number={10},
  pages={1615--1630},
  year={2005},
  publisher={IEEE}
}

@article{szeliski2006image,
  title={Image alignment and stitching: A tutorial},
  author={Szeliski, R.},
  journal={Foundations and Trends{\textregistered} in Computer Graphics and Vision},
  volume={2},
  number={1},
  pages={1--104},
  year={2006},
  publisher={Now Publishers Inc.}
}

@inproceedings{chen2010indoor,
  title={Indoor localization algorithms for a human-operated backpack system},
  author={Chen, G. and Kua, J. and Shum, S. and Naikal, N. and Carlberg, M. and Zakhor, A.},
  booktitle={Int. Symp. on 3D Data, Processing, Visualization and Transmission (3DPVT)},
  year={2010},
}

@article{fischler1981random,
  title={Random sample consensus: a paradigm for model fitting with applications to image analysis and automated cartography},
  author={Fischler, M.A. and Bolles, R.C.},
  journal={Communications of the ACM},
  volume={24},
  number={6},
  pages={381--395},
  year={1981},
  publisher={ACM}
}

@article{dijkstra,
  title = "A note on two problems in connexion graphs",
  author = "E. W. Dijkstra",
  journal = "Numerische Mathematik",
  volume = 1,
  pages = {269--271},
  year = 1959,
}

@inproceedings{sanchez2012point,
  title={Planar 3D Modeling of Building Interiors from Point Cloud Data},
  author={Sanchez, V. and Zakhor, A.},
  booktitle={International Conference on Image Processing},
  year={2012}
}


@inproceedings{kua2012loopclosure,
  title = "Automatic Loop Closure Detection Using Multiple Cameras for 3D Indoor Localization",
  author = "John Kua and Nicholas Corso and Avideh Zakhor",
  journal = "IS\&T/SPIE Electronic Imaging",
  year=2012
}

@book{rayintersection,
  title = "An Introduction to Ray Tracing",
  author = "Andrew S. Glassner",
  year=1989,
  publisher="Academic Press"
}

@article{panorama2d,
 author = {Brown, Matthew and Lowe, David G.},
 title = {Automatic Panoramic Image Stitching using Invariant Features},
 journal = {Int. J. Comput. Vision},
 issue_date = {August    2007},
 volume = {74},
 number = {1},
 month = aug,
 year = {2007},
 issn = {0920-5691},
 pages = {59--73},
 numpages = {15},
 url = {http://dx.doi.org/10.1007/s11263-006-0002-3},
 doi = {10.1007/s11263-006-0002-3},
 acmid = {1265141},
 publisher = {Kluwer Academic Publishers},
 address = {Hingham, MA, USA},
 keywords = {multi-image matching, recognition, stitching},
} 


@misc{autostitch,
  title={AutoStitch},
  author={Brown, M. and Lowe, D.},
  howpublished={\url{http://www.cs.bath.ac.uk/brown/autostitch/autostitch.html}}}

@misc{openscenegraph,
  title={OpenSceneGraph},
  howpublished={\url{http://www.openscenegraph.org/projects/osg}}
}

@misc{siftgpu,
  title = "SiftGPU",
  author = "C. Wu",
  howpublished={\url{http://www.cs.unc.edu/~ccwu/siftgpu/}}
}

@misc{video,
  title = "Video of Generated Models",
  author = "E. Turner",
  howpublished={\url{http://www-video.eecs.berkeley.edu/research/indoor/video/jstsp2014.wmv}}
}

@INPROCEEDINGS{linebased, 
author={Elqursh, A. and Elgammal, A.}, 
booktitle={Computer Vision and Pattern Recognition (CVPR), 2011 IEEE Conference on}, title={Line-based relative pose estimation}, 
year={2011}, 
month={june}, 
volume={}, 
number={}, 
pages={3049 -3056}, 
keywords={Cameras;Equations;Estimation;Image reconstruction;Null space;Robustness;Three dimensional displays;calibration;cameras;pose estimation;statistical analysis;RANSAC;calibrated camera relative pose estimation;intersection points;line-based relative pose estimation;relative rotation;relative translation;robust hypothesize-and-test frameworks;}, 
doi={10.1109/CVPR.2011.5995512}, 
ISSN={1063-6919},}

@misc{rectangularstructures,
    author = "Jana Košecká and Wei Zhang",
    title = "Extraction, matching and pose recovery based on dominant rectangular structures",
    year = 2005
}

@ARTICLE{linearposeestimation, 
author={Ansar, A. and Daniilidis, K.}, 
journal={Pattern Analysis and Machine Intelligence, IEEE Transactions on}, title={Linear pose estimation from points or lines}, 
year={2003}, 
month={may}, 
volume={25}, 
number={5}, 
pages={ 578 - 589}, 
keywords={Algorithm design and analysis;Application software;Cameras;Closed-form solution;Computer vision;Constraint optimization;Image analysis;Iterative algorithms;Iterative methods;Sensitivity analysis; augmented reality; computational geometry; computer vision; real-time systems; sensitivity analysis; augmented reality; camera pose; computer vision; error; geometric constraint; image noise; iterative approaches; linear algorithms; linear pose estimation; nonlinear optimization; real-time applications; sensitivity analysis; simulations;}, 
doi={10.1109/TPAMI.2003.1195992}, 
ISSN={0162-8828},}

@book{hz,
  title={Multiple view geometry in computer vision},
  author={Hartley, R. and Zisserman, A.},
  volume={2},
  year={2000},
  publisher={Cambridge Univ Press}
}



@inproceedings{agarwalapanoramas,
  title={Photographing long scenes with multi-viewpoint panoramas},
  author={Agarwala, A. and Agrawala, M. and Cohen, M. and Salesin, D. and Szeliski, R.},
  booktitle={ACM Transactions on Graphics (TOG)},
  volume={25},
  pages={853--861},
  year={2006},
  organization={ACM}
}


@inproceedings{wangmultipleviews,
  title={Optimal texture map reconstruction from multiple views},
  author={Wang, L. and Kang, S.B. and Szeliski, R. and Shum, H.Y.},
  booktitle={Computer Vision and Pattern Recognition, 2001. CVPR 2001. Proceedings of the 2001 IEEE Computer Society Conference on},
  volume={1},
  pages={I--347},
  year={2001},
  organization={IEEE}
}

@inproceedings{coorg1997matching,
  title={Matching and pose refinement with camera pose estimates},
  author={Coorg, S. and Teller, S.},
  booktitle={Proceedings of the 1997 Image Understanding Workshop},
  year={1997}
}

@inproceedings{debevechybrid,
  title={Modeling and rendering architecture from photographs: A hybrid geometry-and image-based approach},
  author={Debevec, P.E. and Taylor, C.J. and Malik, J.},
  booktitle={Proceedings of the 23rd annual conference on Computer graphics and interactive techniques},
  pages={11--20},
  year={1996},
  organization={ACM}
}

@article{bernardinimultiplescans,
  title={High-quality texture reconstruction from multiple scans},
  author={Bernardini, F. and Martin, I.M. and Rushmeier, H.},
  journal={Visualization and Computer Graphics, IEEE Transactions on},
  volume={7},
  number={4},
  pages={318--332},
  year={2001},
  publisher={IEEE}
}

@article{Mura13,
	title={Robust Reconstruction of interior Building Structures with Multiple Rooms under Clutter and Occlusions},
	author={Mura, C. and Mattausch, O. and Villanueva, A. J. and Gobbetti, E. and Pajarola, R.},
	journal={Proceedings IEEE Conference on Computer-Aided Design and Computer Graphics},
	pages={52--59},
	year={2013}
}

@article{Mura14,
	title={Automatic Room Detection and Reconstruction in Cluttered Indoor Environments with Complex Room Layouts},
	author={Mura, C. and Mattausch, O. and Villanueva, A. J. and Gobbetti, E. and Pajarola, R},
	journal={Computers and Graphics},
	volume={44},
	month={November},
	year={2014},
	pages={20--32}
}

@article{Mattausch14,
	title={Object Detection and Classification from Large-Scale Cluttered Indoor SCans},
	author={Mattausch, O. and Panozzo, D. and Mura, C. and Sorkine-Hornug, O. and Pajarola, R.},
	journal={Computer Graphics Forum},
	year={2014},
	volume={33},
	number={2},
	pages={11--21}
}

@article{Cabral14,
	title={Piecewise Planar and Compact Floorplan Reconstruction from IMages},
	author={Ricardo Cabral and Yasutaka Furukawa},
	journal={Computer Vision and Pattern Recognition (CVPR)},
	pages={628--635},
	year={2014}
}

@article{Zhou13,
	title={Dense Scene Reconstruction with Points of Interest},
	author={Zhou, Q. and Koltun, V.},
	journal={ACM Transactions on Graphics},
	volume={32},
	number={112},
	month={July},
	year={2013},
	pages={112}
}

@article{Zhou14,
	title={Color Map Optimization for 3D Reconstruction with Consumer Depth Cameras},
	author={Zhou, Q. and Koltun, V.},
	journal={ACM Transactions on Graphics},
	volume={33},
	year={2014},
	pages={115}
}

@article{Lafarge13,
	title={Surface Reconstruction Through Point Set Structuring},
	author={Lafarge, F. and Alliez, P.},
	journal={Eurographics},
	volume={32},
	number={2},
	year={2013},
	pages={225--234}
}

@article{Pomerleau12,
	title={Noise Characterization of Depth Sensors for Surface Inspections},
	author={Francois Pomerleau and Andreas Breitenmoser and Ming Liu and Fracis Colas and Roland Siegwart},
	journal={2nd International Conference on Applied Robotics for the Power Industry},
	year={2012},
	month={September},
	pages={16--21}
}

@article{Zhang15,
	title={Sensor Fusion for Semantic Segmentation of Urban Scenes},
	author={Richard Zhang and Stefan A. Candra and Kai Vetter and Avideh Zakhor},
	journal={IEEE International Conference on Robotics and Automation (ICRA)},
	month={May},
	year={2015}
}

@article{Cadena14,
	title={Semantic Segmentation with Heterogeneous Sensor Coverages},
	author={Cesar Cadena and Jana Kosecka},
	journal={IEEE International Conference on Robotics and Automation (ICRA)},
	year={2014}
}

@article{Octomap,
	title={OctoMap: an efficient probablistic 3D mapping framework based on octrees},
	author={Armin Hornung and Kai M. Wurm and Maren Bennewitz and Cyrill Stachniss and Wolfram Burgard},
	journal={Autonomous Robots},
	volume={34},
	number={3},
	year={2013},
	pages={189--206}
}

# outdoor scanning

@Article{Zakhor07,
  author =       "A. Zakhor and C. Frueh",
  title =        "Automatic 3D Modeling of Cities with Multimodal Air and Ground Sensors",
  journal =      "Multimodal Surveillance, Sensors, Algorithms and Systems",
  organization = "Artech House",
  chapter =      "15",
  pages =        "339-362",
  year =         "2007",
  editor =       "Z. Zhu and T. S. Huang"
}

@Article{Kawai11,
  author =       "N. Kawai and A. Zakhor and T. Sato and N. Yokoya",
  title =        "Surface Completion of Shape and Texture based on Energy Minimization",
  journal =      "ICIP",
  organization = "IEEE",
  year =         "2011",
  month =        "September"
}

@Article{Mhatre06,
  author =       "A. Mhatre and P. Kumar",
  title =        "Projective Clustering and its Application to Surface Reconstrution",
  journal = 	 "SCG 2006",
  year = 	 "2006",
  month = 	 "June"
}

@Article{Chen07,
  author =       "J. Chen and B. Chen",
  title =        "Architectural Modeling from Sparsely Scanned Range Data",
  organization = "University of Minnisota",
  journal = 	 "Springer",
  year = 	 "2007",
  month = 	 "November",
  booktitle =    "Int J Computer Vision (2008)",
  pages =        "223-236"
}

@Article{Chauve10,
  author =       "A. Chauve and P. Labatut and J. Pons",
  title =        "Robust Piecewise-Planar 3D Reconstruction and Completion from Large-Scale Unstructured Point Data",
  organization = "Universite Paris-Est",
  journal =      "CVPR",
  year =         "2010"
}

@Article{Tang10,
  author =       "P. Tang et al",
  title =        "Automatic reconstruction of as-built building information from laser-scanned point clouds: A review of related techniques",
  organization = "Carnegie Mellon University",
  journal = 	 "Elsevier",
  year = 	 "2010",
  month = 	 "June",
  booktitle =    "Automation in Construction",
  pages =        "829-843"
}

@Article{Nealen04,
  author =       "A. Nealen",
  title =        "An As-Short-As-Possible Introduction to the Least Squares, Weighted Least Squares and Moving Least Squares Methods for Scattered Data Approximation and Interpolation",
  organization = "TU Darmstadt",
  year = 	 "2004",
  month = 	 "May",
}

@Article{Doyle76,
  author =       "J. Doyle and R. L. Rivest",
  title =        "Linear Excepted Time of a Simple Union-Find Algorithm",
  organization = "Massachusetts Institute of Technology, Artifical Intelligence Laborartory, and Laboratory for Computer Science",
  booktitle =    "Information Processing Letters",
  year = 	 "1976",
  month = 	 "November",
  volume =       "5",
  pages =        "146-148"
}

@Article{Lloyd57,
  author =       "S. P. Lloyd",
  title =        "Least Squares Quantization in PCM",
  organization = "IEEE",
  journal = 	 "IEEE Transactions On Information Theory",
  year = 	 "1982",
  month = 	 "March",
  volume =       "IT-28",
  pages =        "129-137"
}

@Article{Curless96,
  author =       "B. Curless and M. Levoy",
  title =        "A Volumetric Method for Building Complex Models from Range Images",
  organization = "Stanford",
  journal =      "SIGGRAPH",
  pages =        "303-312",
  year =         "1996"
}

@Article{Bernardini04,
  author =       "F. Bernardini et al",
  title =        "The Ball-Pivoting Algorithm for Surface Reconstruction",
  organization = "IEEE",
  journal =      "IEEE Transactions on Visualization and Computer Graphics",
  year = 	 "1999",
  month = 	 "December",
}


